<?xml version="1.0" encoding="UTF-8"?><record xmlns="http://www.loc.gov/MARC21/slim" xmlns:cinclude="http://apache.org/cocoon/include/1.0" xmlns:zs="http://www.loc.gov/zing/srw/">
  <leader>00659nz  a2200145n  4500</leader>
  <controlfield tag="001">no2003084213</controlfield>
  <controlfield tag="003">DLC</controlfield>
  <controlfield tag="005">20030822051908.0</controlfield>
  <controlfield tag="008">030821n| acannaabn          |a ana      </controlfield>
  <datafield tag="010" ind1=" " ind2=" ">
    <subfield code="a">no2003084213</subfield>
  </datafield>
  <datafield tag="035" ind1=" " ind2=" ">
    <subfield code="a">(OCoLC)oca06133338</subfield>
  </datafield>
  <datafield tag="040" ind1=" " ind2=" ">
    <subfield code="a">DLC-S</subfield>
    <subfield code="b">eng</subfield>
    <subfield code="c">DLC-S</subfield>
  </datafield>
  <datafield tag="110" ind1="2" ind2=" ">
    <subfield code="a">Novosibirskiĭ gosudarstvennyĭ universitet.</subfield>
    <subfield code="b">Kafedra vseobshcheĭ istorii</subfield>
  </datafield>
  <datafield tag="410" ind1="2" ind2=" ">
    <subfield code="a">Novosibirskiĭ gosudarstvennyĭ universitet.</subfield>
    <subfield code="b">Gumanitarnyĭ fakulʹtet.</subfield>
    <subfield code="b">Kafedra vseobshcheĭ istorii</subfield>
  </datafield>
  <datafield tag="670" ind1=" " ind2=" ">
    <subfield code="a">Istorii︠a︡ i sot︠s︡iologii︠a︡ kulʹtury, Vyp. 1 (2000):</subfield>
    <subfield code="b">t.p. (Novosibirskiĭ gosudarstvennyĭ universitet, Gumanitarnyĭ fakulʹtet, Kafedra vseobshcheĭ istorii)</subfield>
  </datafield>
</record>